@misc{gcharts,
  author =       {Google},
  howpublished = {Google},
  title =        {Google Charts: Interactive charts for browsers and mobile devices},
  month =        {May},
  day =          24,
  year =         2020,
  note =         {Retrieved May 24, 2020 from
                  \urrl{https://developers.google.com/chart}},
}
@misc{youdraw,
  author =       {Aisch, Gregor and Cox, Amanda and Quealy, Kevin},
  howpublished = {New York Times},
  title =        {You draw it: How family income predicts childrenâ€™s college chances},
  month =        {May},
  day =          28,
  year =         2015,
  note =         {Retrieved May 24, 2020 from
                  \urrl{https://www.nytimes.com/interactive/2015/05/28/upshot/you-draw-it-how-family-income-affects-childrens-college-chances.html}},
}
@misc{seaborn,
  title={Seaborn: statistical data visualization},
  author={Waskom, Michael and Botvinnik, Olga and Hobson, P and Warmenhoven, J and Cole, JB and Halchenko, Y and Vanderplas, J and Hoyer, S and Villalba, S and Quintero, E and others},
  year={2014},
  note =  {Retrieved May 24, 2020 from \urrl{https://seaborn.pydata.org/}},
}
@incollection{grammar,
  title={The grammar of graphics},
  author={Wilkinson, Leland},
  booktitle={Handbook of Computational Statistics},
  pages={375--414},
  year={2012},
  publisher={Springer}
}
@article{layered,
  title={A layered grammar of graphics},
  author={Wickham, Hadley},
  journal={Journal of Computational and Graphical Statistics},
  volume={19},
  number={1},
  pages={3--28},
  year={2010},
  publisher={Taylor \& Francis}
}
@article{vega-lite,
  title={Vega-lite: A grammar of interactive graphics},
  author={Satyanarayan, Arvind and Moritz, Dominik and Wongsuphasawat, Kanit and Heer, Jeffrey},
  journal={IEEE transactions on visualization and computer graphics},
  volume={23},
  number={1},
  pages={341--350},
  year={2016},
  publisher={IEEE}
}
@article{vega,
  title={Reactive vega: A streaming dataflow architecture for declarative interactive visualization},
  author={Satyanarayan, Arvind and Russell, Ryan and Hoffswell, Jane and Heer, Jeffrey},
  journal={IEEE transactions on visualization and computer graphics},
  volume={22},
  number={1},
  pages={659--668},
  year={2015},
  publisher={IEEE}
}
@article{d3,
  title={D$^3$ data-driven documents},
  author={Bostock, Michael and Ogievetsky, Vadim and Heer, Jeffrey},
  journal={IEEE transactions on visualization and computer graphics},
  volume={17},
  number={12},
  pages={2301--2309},
  year={2011},
  publisher={IEEE}
}
@article{polaris,
  title={Polaris: A system for query, analysis, and visualization of multidimensional relational databases},
  author={Stolte, Chris and Tang, Diane and Hanrahan, Pat},
  journal={IEEE Transactions on Visualization and Computer Graphics},
  volume={8},
  number={1},
  pages={52--65},
  year={2002},
  publisher={IEEE}
}
