@misc{bbc,
   author =       {{BBC News}},
   title =        {`Post-truth' declared word of the year by {O}xford Dictionaries},
   month =        {Nov},
   year =         {2016},
   url =          {http://www.bbc.co.uk/news/uk-37995600},
   note =         {(Retr. 5 May 2017)},
 }

@misc{guardian,
   author =       {William Davies},
	 editor = 			{The Guardian},
   title =        {How statistics lost their power â€“ and why we should fear what comes next},
   month =        {March},
   year =         {2017},
   url =          {https://www.theguardian.com/politics/2017/jan/19/crisis-of-statistics-big-data-democracy},
   note =         {(Retr. 5 May 2017)},
 }

@inproceedings{inforich,
 author = {Syme, Don and Battocchi, Keith and Takeda, Kenji and Malayeri, Donna and Petricek, Tomas},
 title = {Themes in Information-rich Functional Programming for Internet-scale Data Sources},
 booktitle = {Proceedings of Workshop on Data Driven Functional Programming},
 series = {DDFP '13},
 year = {2013},
 isbn = {978-1-4503-1871-6},
 location = {Rome, Italy},
 pages = {1--4},
 numpages = {4},
 doi = {10.1145/2429376.2429378},
 acmid = {2429378},
 publisher = {ACM},
} 

@inproceedings{dot,
 author = {Petricek, Tomas},
 title = {Data exploration through dot-driven development},
 booktitle = {European Conference on Object-Oriented Programming},
 series = {ECOOP '17},
 year = {2017},
 location = {Barcelona, Spain},
 publisher = {ACM},
} 

@inproceedings{fsdata,
 author = {Petricek, Tomas and Guerra, Gustavo and Syme, Don},
 title = {Types from Data: Making Structured Data First-class Citizens in {F\#}},
 booktitle = {Proceedings of Conference on Programming Language Design and Implementation},
 series = {PLDI '16},
 year = {2016},
 isbn = {978-1-4503-4261-2},
 location = {Santa Barbara, CA, USA},
 pages = {477--490},
 numpages = {14},
 doi = {10.1145/2908080.2908115},
 acmid = {2908115},
 publisher = {ACM},
 keywords = {F\#, Inference, JSON, Type Providers, XML},
} 

@inproceedings{idris,
 author = {Christiansen, David Raymond},
 title = {Dependent Type Providers},
 booktitle = {Proceedings of Workshop on Generic Programming},
 series = {WGP '13},
 year = {2013},
 isbn = {978-1-4503-2389-5},
 location = {Boston, Massachusetts, USA},
 pages = {25--34},
 numpages = {10},
 doi = {10.1145/2502488.2502495},
 acmid = {2502495},
 publisher = {ACM},
 keywords = {dependent types, generic programming, metaprogramming, type providers},
} 

@inproceedings{directman,
 author = {Shneiderman, Ben},
 title = {The Future of Interactive Systems and the Emergence of Direct Manipulation},
 booktitle = {Proceedings of the NYU Symposium on User Interfaces on Human Factors and Interactive Computer Systems},
 year = {1984},
 isbn = {0-89391-182-8},
 location = {New York, USA},
 pages = {1--28},
 numpages = {28},
 acmid = {2093},
 publisher = {Ablex Publishing Corp.},
} 


@inproceedings{spreadsheetalgebra,
 author = {Liu, Bin and Jagadish, H. V.},
 title = {A Spreadsheet Algebra for a Direct Data Manipulation Query Interface},
 booktitle = {Proceedings of International Conference on Data Engineering},
 series = {ICDE '09},
 year = {2009},
 isbn = {978-0-7695-3545-6},
 pages = {417--428},
 numpages = {12},
 doi = {10.1109/ICDE.2009.34},
 acmid = {1547431},
 publisher = {IEEE Computer Society},
 keywords = {database usability, user interface, spreadsheet},
} 

@inproceedings{querydirect,
 author = {Bakke, Eirik and Karger, David R.},
 title = {Expressive Query Construction Through Direct Manipulation of Nested Relational Results},
 booktitle = {Proceedings of International Conference on Management of Data},
 series = {SIGMOD '16},
 year = {2016},
 isbn = {978-1-4503-3531-7},
 location = {San Francisco, California, USA},
 pages = {1377--1392},
 numpages = {16},
 doi = {10.1145/2882903.2915210},
 acmid = {2915210},
 publisher = {ACM},
 keywords = {direct manipulation, hierarchical data models, nested relations, report generation, spreadsheet interfaces, user studies, visual query languages, visual query systems},
} 
