@article{subtext,
  title={Subtext: uncovering the simplicity of programming},
  author={Edwards, Jonathan},
  journal={ACM SIGPLAN Notices},
  volume={40},
  number={10},
  pages={505--518},
  year={2005},
  publisher={ACM}
}
@article{livenut,
  author    = {Cyrus Omar and
               Ian Voysey and
               Ravi Chugh and
               Matthew A. Hammer},
  title     = {Live Functional Programming with Typed Holes},
  journal   = {{PACMPL}},
  volume    = {3},
  number    = {{POPL}},
  _pages     = {14:1--14:28},
  year      = {2019},
  doi       = {10.1145/3290327},
}

@book{structure-based,
  title={Structure-based editors and environments},
  author={Szwillus, Gerd and Neal, Lisa},
  year={1996},
  publisher={Academic Press, Inc.}
}
@ARTICLE{control,
author={J. M. Hellerstein and R. Avnur and A. Chou and C. Hidber and C. Olston and V. Raman and T. Roth and P. J. Haas},
journal={Computer},
title={Interactive data analysis: the Control project},
year={1999},
volume={32},
number={8},
pages={51-59},
doi={10.1109/2.781635},
ISSN={0018-9162},
month={Aug},}

@inproceedings{wrangler,
 author = {Kandel, Sean and Paepcke, Andreas and Hellerstein, Joseph and Heer, Jeffrey},
 title = {Wrangler: Interactive Visual Specification of Data Transformation Scripts},
 booktitle = {Proceedings of the SIGCHI Conference on Human Factors in Computing Systems},
 series = {CHI '11},
 year = {2011},
 isbn = {978-1-4503-0228-9},
 location = {Vancouver, BC, Canada},
 pages = {3363--3372},
 numpages = {10},
 doi = {10.1145/1978942.1979444},
 acmid = {1979444},
 publisher = {ACM},
}


@article{gowrong,
title = "A theory of type polymorphism in programming",
journal = "Journal of Computer and System Sciences",
volume = "17",
number = "3",
pages = "348 - 375",
year = "1978",
issn = "0022-0000",
doi = "10.1016/0022-0000(78)90014-4",
author = "Robin Milner",
}
@inproceedings{alive,
  author = {Burckhardt, Sebastian and Fahndrich, Manuel and de Halleux, Peli and McDirmid, Sean and Moskal, Michal and Tillmann, Nikolai},
  title = {It's Alive! Continuous Feedback in UI Programming},
  booktitle = {PLDI},
  year = {2013},
  month = {June},
  publisher = {ACM SIGPLAN},
}
@inproceedings{livingit,
  title={Living it up with a live programming language},
  author={McDirmid, Sean},
  booktitle={ACM SIGPLAN Notices},
  volume={42},
  number={10},
  pages={623--638},
  year={2007},
  organization={ACM}
}
@inproceedings{direct,
  title={Direct manipulation: A step beyond programming languages},
  author={Shneiderman, Ben},
  booktitle={ACM SIGSOC Bulletin},
  volume={13},
  number={2-3},
  pages={143},
  year={1981},
  organization={ACM}
}
@inproceedings{hazelnut,
  title={Hazelnut: a bidirectionally typed structure editor calculus},
  author={Omar, Cyrus and Voysey, Ian and Hilton, Michael and Aldrich, Jonathan and Hammer, Matthew A},
  booktitle={Proceedings of the 44th ACM SIGPLAN Symposium on Principles of Programming Languages},
  pages={86--99},
  year={2017},
  organization={ACM}
}
@inproceedings{providers-idris,
  title={Dependent type providers},
  author={Christiansen, David Raymond},
  booktitle={Proceedings of the 9th ACM SIGPLAN workshop on Generic programming},
  pages={25--34},
  year={2013},
  organization={ACM}
}
@article{rest,
  title={Representational state transfer},
  author={Fielding, Roy},
  journal={Architectural Styles and the Design of Netowork-based Software Architecture},
  pages={76--85},
  year={2000}
}
@article{async,
  title={The {F\#} asynchronous programming model},
  author={Syme, Don and Petricek, Tomas and Lomov, Dmitry},
  journal={Practical Aspects of Declarative Languages},
  pages={175--189},
  year={2011},
  publisher={Springer}
}
@inproceedings{providers-fsharp,
  title={Themes in information-rich functional programming for internet-scale data sources},
  author={Syme, Donald and Battocchi, Keith and Takeda, Kenji and Malayeri, Donna and Petricek, Tomas},
  booktitle={Proceedings of the 2013 workshop on Data driven functional programming},
  pages={1--4},
  year={2013},
  organization={ACM}
}
@article{fsdata,
  title={Types from data: Making structured data first-class citizens in F},
  author={Petricek, Tomas and Guerra, Gustavo and Syme, Don},
  journal={ACM SIGPLAN Notices},
  volume={51},
  number={6},
  pages={477--490},
  year={2016},
  publisher={ACM}
}
@inproceedings{slicing,
  title={Program slicing},
  author={Weiser, Mark},
  booktitle={Proceedings of the 5th international conference on Software engineering},
  pages={439--449},
  year={1981},
  organization={IEEE Press}
}
@inproceedings{dependencies,
  title={Dependence graphs and compiler optimizations},
  author={Kuck, David J and Kuhn, Robert H and Padua, David A and Leasure, Bruce and Wolfe, Michael},
  booktitle={Proceedings of the 8th ACM SIGPLAN-SIGACT symposium on Principles of programming languages},
  pages={207--218},
  year={1981},
  organization={ACM}
}
@article{rmarkdown,
  title={rmarkdown: Dynamic Documents for R},
  author={Allaire, J and Cheng, Joe and Xie, Yihui and McPherson, Jonathan and Chang, Winston and Allen, Jeff and Wickham, Hadley and Atkins, Aron and Hyndman, Rob and Arslan, R},
  journal={R package version},
  volume={1},
  pages={9010},
  year={2016}
}
@inproceedings{jupyter,
  title={Jupyter Notebooks-a publishing format for reproducible computational workflows.},
  author={Kluyver, Thomas and Ragan-Kelley, Benjamin and P{\'e}rez, Fernando and Granger, Brian E and Bussonnier, Matthias and Frederic, Jonathan and Kelley, Kyle and Hamrick, Jessica B and Grout, Jason and Corlay, Sylvain and others},
  booktitle={ELPUB},
  pages={87--90},
  year={2016}
}
@article{workflow,
  title={Data science workflow: Overview and challenges},
  author={Guo, P},
  journal={blog CACM, Communications of the ACM},
  year={2013}
}
@inproceedings{gamma,
  title={Data Exploration through Dot-driven Development},
  author={Petricek, Tomas},
  booktitle={LIPIcs-Leibniz International Proceedings in Informatics},
  volume={74},
  year={2017},
  organization={Schloss Dagstuhl-Leibniz-Zentrum fuer Informatik}
}
@techreport{spreadsheet,
  title={Spreadsheet technology},
  author={Sestoft, Peter},
  year={2012},
  institution={Citeseer}
}
@inproceedings{quotations,
  title={Leveraging. net meta-programming components from {F\#}: integrated queries and interoperable heterogeneous execution},
  author={Syme, Don},
  booktitle={Proceedings of the 2006 workshop on ML},
  pages={43--54},
  year={2006},
  organization={ACM}
}
@article{metaml,
  title={MetaML and multi-stage programming with explicit annotations},
  author={Taha, Walid and Sheard, Tim},
  journal={Theoretical computer science},
  volume={248},
  number={1},
  pages={211--242},
  year={2000},
  publisher={Elsevier}
}
@inproceedings{partial,
  title={Tutorial notes on partial evaluation},
  author={Consel, Charles and Danvy, Olivier},
  booktitle={Proceedings of the 20th ACM SIGPLAN-SIGACT symposium on Principles of programming languages},
  pages={493--501},
  year={1993},
  organization={ACM}
}
@phdthesis{coeffects,
  title={Context-aware programming languages},
  author={Petricek, Tomas},
  year={2017},
  school={University of Cambridge, Computer Laboratory}
}

@incollection{effectrev,
  title={Effect systems revisitedâ€”control-flow algebra and semantics},
  author={Mycroft, Alan and Orchard, Dominic and Petricek, Tomas},
  booktitle={Semantics, Logics, and Calculi},
  pages={1--32},
  year={2016},
  publisher={Springer}
}
@inproceedings{graded,
  title={Combining effects and coeffects via grading.},
  author={Gaboardi, Marco and Katsumata, Shin-ya and Orchard, Dominic A and Breuvart, Flavien and Uustalu, Tarmo},
  booktitle={ICFP},
  pages={476--489},
  year={2016}
}
@article{cmtt,
  title={Contextual modal type theory},
  author={Nanevski, Aleksandar and Pfenning, Frank and Pientka, Brigitte},
  journal={ACM Transactions on Computational Logic (TOCL)},
  volume={9},
  number={3},
  pages={23},
  year={2008},
  publisher={ACM}
}
@article{cmtt-denotation,
  title={Denotation of contextual modal type theory (CMTT): Syntax and meta-programming},
  author={Gabbay, Murdoch J and Nanevski, Aleksandar},
  journal={Journal of Applied Logic},
  volume={11},
  number={1},
  pages={1--29},
  year={2013},
  publisher={Elsevier}
}
@article{lamdu,
  title={Lamdu Project},
  author={Lotem, Eyal and Chuchem, Yair},
  journal={\url{https://github.com/lamdu/lamdu}},
  year={2018}
}
@book{pandas,
  title={Python for data analysis: Data wrangling with Pandas, NumPy, and IPython},
  author={McKinney, Wes},
  year={2012},
  publisher={O'Reilly Media, Inc.}
}

@article{principle,
  title={Inventing on Principle},
  author={Victor, Bret},
  journal={\url{http://worrydream.com/InventingOnPrinciple}},
  year={2012}
}
@online{ftarticle,
author ={Leslie Hook and John Reed},
year = {2018},
title ={Why the world's recycling system stopped working},
url ={https://www.ft.com/content/360e2524-d71a-11e8-a854-33d6f82e62f8},
month ={oct},
lastaccessed ={February 1, 2019},
}
@online{ftnotebooks,
author ={David Blood},
year = {2018},
title ={Recycling is broken -- notebooks},
url ={https://github.com/ft-interactive/recycling-is-broken-notebooks},
month ={nov},
lastaccessed ={February 1, 2019},
}
@inproceedings{incremental,
 author = {Hammer, Matthew A. and Dunfield, Joshua and Headley, Kyle and Labich, Nicholas and Foster, Jeffrey S. and Hicks, Michael and Van Horn, David},
 title = {Incremental Computation with Names},
 booktitle = {Proceedings of the 2015 ACM SIGPLAN International Conference on Object-Oriented Programming, Systems, Languages, and Applications},
 series = {OOPSLA 2015},
 year = {2015},
 isbn = {978-1-4503-3689-5},
 location = {Pittsburgh, PA, USA},
 pages = {748--766},
 numpages = {19},
 url = {http://doi.acm.org/10.1145/2814270.2814305},
 doi = {10.1145/2814270.2814305},
 acmid = {2814305},
 publisher = {ACM},
 address = {New York, NY, USA},
 keywords = {call-by-push-value (CBPV), demanded computation graph (DCG), incremental compu- tation, laziness, memoization, nominal matching, self-adjusting computation, structural matching, thunks},
}


@phdthesis{selfadjusting,
 author = {Acar, Umut A.},
 title = {Self-adjusting Computation},
 year = {2005},
 isbn = {0-542-01547-1},
 note = {AAI3166271},
 publisher = {Carnegie Mellon University},
 address = {Pittsburgh, PA, USA},
}
@article{vizdom,
 author = {Crotty, Andrew and Galakatos, Alex and Zgraggen, Emanuel and Binnig, Carsten and Kraska, Tim},
 title = {Vizdom: Interactive Analytics Through Pen and Touch},
 journal = {Proc. VLDB Endow.},
 issue_date = {August 2015},
 volume = {8},
 number = {12},
 month = aug,
 year = {2015},
 issn = {2150-8097},
 pages = {2024--2027},
 numpages = {4},
 doi = {10.14778/2824032.2824127},
 publisher = {VLDB Endowment},
}


@article{learnable,
  title={Learnable programming: Designing a programming system for understanding programs},
  author={Victor, Bret},
  journal={\url{http://worrydream.com/LearnableProgramming}},
  year={2012}
}
@article{csharp,
  title={C# Language Specification},
  author={Torgersen, Mads and Gafter, Neal},
  journal={\url{https://github.com/dotnet/csharplang/tree/master/spec}, Retrieved 2017},
  year={2012}
}
@article{lighttable,
  title={LightTable: A new {IDE} concept},
  author={Granger, Chris},
  journal={\url{http://www.chris-granger.com/2012/04/12/light-table-a-new-ide-concept/}},
  year={2012}
}
@inproceedings{beyond,
  title={Beyond editing: extended interaction with textual code fragment},
  author={Roberts, Charles and Wright, Matthew and Kuchera-Morin, JoAnn},
  booktitle={NIME},
  pages={126--131},
  year={2015}
}
@article{drscheme,
  title={DrScheme: A programming environment for Scheme},
  author={Findler, Robert Bruce and Clements, John and Flanagan, Cormac and Flatt, Matthew and Krishnamurthi, Shriram and Steckler, Paul and Felleisen, Matthias},
  journal={Journal of functional programming},
  volume={12},
  number={2},
  pages={159--182},
  year={2002},
  publisher={Cambridge University Press}
}
@article{modal,
  title={Special issue: Modalities in type theory},
  author={Fairtlough, Matt and Mendler, Michael and Moggi, Eugenio},
  journal={Mathematical Structures in Computer Science},
  volume={11},
  number={4},
  pages={507--509},
  year={2001},
  publisher={Cambridge University Press}
}
@phdthesis{interactive,
  title={Interactive functional programming},
  author={Perera, Roland},
  year={2013},
  school={University of Birmingham}
}
@inproceedings{sonic,
  title={From sonic Pi to overtone: creative musical experiences with domain-specific and functional languages},
  author={Aaron, Samuel and Blackwell, Alan F},
  booktitle={Proceedings of the first ACM SIGPLAN workshop on Functional art, music, modeling \& design},
  pages={35--46},
  year={2013},
  organization={ACM}
}
@inproceedings{tableau,
 author = {Wesley, Richard and Eldridge, Matthew and Terlecki, Pawel T.},
 title = {An Analytic Data Engine for Visualization in Tableau},
 booktitle = {Proceedings of the 2011 ACM SIGMOD International Conference on Management of Data},
 series = {SIGMOD '11},
 year = {2011},
 isbn = {978-1-4503-0661-4},
 location = {Athens, Greece},
 pages = {1185--1194},
 numpages = {10},
 doi = {10.1145/1989323.1989449},
 acmid = {1989449},
 publisher = {ACM},
}
@inproceedings{wrattler,
  author    = {Tomas Petricek and
               James Geddes and
               Charles A. Sutton},
  title     = {Wrattler: Reproducible, live and polyglot notebooks},
  booktitle = {10th {USENIX} Workshop on the Theory and Practice of Provenance, TaPP
               2018, London, UK, July 11-12, 2018.},
  year      = {2018},
}
@inproceedings{dataflow,
  author    = {David Koop and
               Jay Patel},
  title     = {Dataflow Notebooks: Encoding and Tracking Dependencies of Cells},
  booktitle = {9th {USENIX} Workshop on the Theory and Practice of Provenance, TaPP
               2017, Seattle, WA, USA, June 23, 2017.},
  year      = {2017},
}

@book{ddj,
  title={The data journalism handbook: how journalists can use data to improve the news},
  author={Gray, Jonathan and Chambers, Lucy and Bounegru, Liliana},
  year={2012},
  publisher={" O'Reilly Media, Inc."}
}
@article{ipython,
  title={IPython: a system for interactive scientific computing},
  author={P{\'e}rez, Fernando and Granger, Brian E},
  journal={Computing in Science \& Engineering},
  volume={9},
  number={3},
  year={2007},
  publisher={IEEE}
}
@book{optimizing,
  title={Optimizing compilers for modern architectures: a dependence-based approach},
  author={Kennedy, Ken and Allen, John R},
  year={2001},
  publisher={Morgan Kaufmann Publishers Inc.}
}
