@misc{howstatslost,
  author =       {William Davies},
  howpublished = {The Guardian},
  title =        { How statistics lost their power - and why we should fear what comes next },
  month =        {Jan},
  day =          19,
  year =         2017,
  note =         {Retrieved March 6, 2020 from
                  \url{https://www.theguardian.com/politics/2017/jan/19/crisis-of-statistics-big-data-democracy}},
}
@book{ddj,
  title={The data journalism handbook: how journalists can use data to improve the news},
  author={Gray, Jonathan and Chambers, Lucy and Bounegru, Liliana},
  year={2012},
  publisher={O'Reilly Media, Inc.}
}
@inproceedings{idyll,
  author    = {Matthew Conlen and
               Jeffrey Heer},
  editor    = {Patrick Baudisch and
               Albrecht Schmidt and
               Andy Wilson},
  title     = {Idyll: {A} Markup Language for Authoring and Publishing Interactive
               Articles on the Web},
  booktitle = {The 31st Annual {ACM} Symposium on User Interface Software and Technology,
               {UIST} 2018, Berlin, Germany, October 14-17, 2018},
  pages     = {977--989},
  publisher = {{ACM}},
  year      = {2018},
  url       = {https://doi.org/10.1145/3242587.3242600},
  doi       = {10.1145/3242587.3242600},
  timestamp = {Wed, 21 Nov 2018 12:44:17 +0100},
  biburl    = {https://dblp.org/rec/conf/uist/ConlenH18.bib},
  bibsource = {dblp computer science bibliography, https://dblp.org}
}
@book{edcj17,
	author = {Tomas Petricek and Bahareh R. Heravi and Jennifer A. Stark and  et al.},
	title = {Proceedings of the European Data and Computational Journalism Conference},
	year = {2017},
  isbn = {9781910963159},
  publisher = {University College Dublin}
}
@book{edcj18,
	title = {Proceedings of the 2nd European Data and Computational Journalism Conference},
	year = {2018},
  isbn = {978-1-910963-23-4},
  publisher = {University College Dublin}
}
@article{future,
author = { Bob  Franklin },
title = {THE FUTURE OF JOURNALISM},
journal = {Journalism Studies},
volume = {13},
number = {5-6},
pages = {663-681},
year  = {2012},
publisher = {Routledge},
doi = {10.1080/1461670X.2012.712301},
}
@inproceedings{transparency,
  title={Transparency in Journalism. Credibility and trustworthiness in the digital future},
  author={Meier, Klaus},
  booktitle={Actas II Congreso The Future of Journalism},
  year={2009}
}
@inproceedings{comments,
  title={Reader comments to online opinion journalism: A space of public deliberation},
  author={Manosevitch, Edith and Walker, Dana},
  booktitle={International Symposium on Online Journalism},
  volume={10},
  pages={1--30},
  year={2009}
}
@article{citizen,
  title={Blogs, Twitter, and breaking news: The produsage of citizen journalism},
  author={Bruns, Axel and Highfield, Tim and Lind, Rebecca Ann},
  journal={Produsing theory in a digital world: The intersection of audiences and production in contemporary theory},
  volume={80},
  number={2012},
  pages={15--32},
  year={2012},
  publisher={Peter lang New York}
}
@online{ftnotebooks,
author ={David Blood},
year = {2018},
title ={Recycling is broken -- notebooks},
url ={https://github.com/ft-interactive/recycling-is-broken-notebooks},
month ={11},
urldate={2019-02-01},
}
@Misc{youdraw,
  author =       {Larry Buchanan, Haeyoun Park and Adam Pearce },
  howpublished = {New York Times},
  title =        {You Draw It: What Got Better or Worse During Obama’s Presidency},
  month =        {Jan},
  day =          15,
  year =         2017,
  note =         {Retrieved March 3, 2020 from
                  \url{https://www.nytimes.com/interactive/2017/01/15/us/politics/you-draw-obama-legacy.html}},
}
@inproceedings{learning,
    author={Sarkar, Advait and Gordon, Andrew Donald},
    booktitle={{Proceedings of the 29th Annual Conference of the Psychology of Programming Interest Group (PPIG 2018)}},
    title={How do people learn to use spreadsheets? (Work in progress)},
    month=sep,
    year={2018},
    pages={28--35}
}
@inproceedings{assistants,
author = {Kaiser, G. E. and Feiler, P. H.},
title = {An Architecture for Intelligent Assistance in Software Development},
year = {1987},
isbn = {0897912160},
publisher = {IEEE Computer Society Press},
address = {Washington, DC, USA},
booktitle = {Proceedings of the 9th International Conference on Software Engineering},
pages = {180–188},
numpages = {9},
location = {Monterey, California, USA},
series = {ICSE ’87}
}
@inproceedings{inforich,
 author = {Syme, Don and Battocchi, Keith and Takeda, Kenji and Malayeri, Donna and Petricek, Tomas},
 title = {Themes in Information-rich Functional Programming for Internet-scale Data Sources},
 booktitle = {Proceedings of Workshop on Data Driven Functional Programming},
 series = {DDFP '13},
 year = {2013},
 isbn = {978-1-4503-1871-6},
 location = {Rome, Italy},
 pages = {1--4},
 numpages = {4},
 doi = {10.1145/2429376.2429378},
 acmid = {2429378},
 publisher = {ACM},
 keywords = {F\#, LINQ, connected programming, data services, freebase, functional programming, ontology, semantic web},
}
@inproceedings{dotdriven,
  title={Data exploration through dot-driven development},
  author={Petricek, Tomas},
  booktitle={31st European Conference on Object-Oriented Programming (ECOOP 2017)},
  year={2017},
  organization={Schloss Dagstuhl-Leibniz-Zentrum fuer Informatik}
}
@inproceedings{fsdata,
 author = {Petricek, Tomas and Guerra, Gustavo and Syme, Don},
 title = {Types from Data: Making Structured Data First-class Citizens in {F\#}},
 booktitle = {Proceedings of Conference on Programming Language Design and Implementation},
 series = {PLDI '16},
 year = {2016},
 isbn = {978-1-4503-4261-2},
 location = {Santa Barbara, CA, USA},
 pages = {477--490},
 numpages = {14},
 doi = {10.1145/2908080.2908115},
 acmid = {2908115},
 publisher = {ACM},
 keywords = {F\#, Inference, JSON, Type Providers, XML},
}









@Misc{CHINOSAUR:venue,
  author =       {@\_CHINOSAUR},
  key =          {_CHINOSAUR},
  howpublished = {Tweet},
  title =        {"VENUE IS TOO COLD" \#BINGO \#CHI2014},
  month =        {May},
  day =          1,
  year =         2014,
  note =         {Retrieved Febuary 2, 2015 from
                  \url{https://twitter.com/_CHINOSAUR/status/461864317415989248}},
  annote =       {Tweet}
}

@misc{supermetroid:snes,
	Address = {Kyoto, Japan},
	Author = {{Nintendo R\&D1} and {Intelligent Systems}},
	Day = {18},
	Howpublished = {Game [SNES]},
	Month = {April},
	Note = {Nintendo, Kyoto, Japan. Played August 2011.},
	Publisher = {Nintendo},
	Title = {\emph{Super Metroid}},
	Year = {1994}
}

@inproceedings{Klemmer:2002:WSC:503376.503378,
  author =       {Klemmer, Scott R. and Thomsen, Michael and
                  Phelps-Goodman, Ethan and Lee, Robert and Landay,
                  James A.},
  title =        {Where Do Web Sites Come from?: Capturing and
                  Interacting with Design History},
  booktitle =    {Proceedings of the SIGCHI Conference on Human
                  Factors in Computing Systems},
  series =       {CHI '02},
  year =         2002,
  isbn =         {1-58113-453-3},
  location =     {Minneapolis, Minnesota, USA},
  pages =        {1--8},
  url =          {http://doi.acm.org/10.1145/503376.503378},
  doi =          {10.1145/503376.503378},
  acmid =        503378,
  publisher =    {ACM},
  address =      {New York, NY, USA},
  keywords =     {CSCW, activity capture, design rationale, history
                  management, informal interfaces, sketching, tangible
                  UI, web design},
}

@inproceedings{Mather:2000:MUT,
  title =        {Making up titles for conference papers},
  author =       {Mather, B. D.},
  booktitle =    {Ext. Abstracts CHI 2000},
  year =         2000,
  publisher =    "ACM Press",
  pages =        "1-2",
}

@book{Schwartz:1995:GBF,
  title =        {Guidelines for Bias-Free Writing},
  author =       {Marilyn Schwartz},
  address =      {Bloomington, IN, USA},
  year =         1995,
  publisher =    {ERIC}
}

@inproceedings{Zellweger:2001:FAO:504216.504224,
  author =       {Zellweger, Polle T. and Bouvin, Niels Olof and
                  Jeh{\o}j, Henning and Mackinlay, Jock D.},
  title =        {Fluid annotations in an open world},
  booktitle =    {Proc. Hypertext 2001},
  year =         2001,
  pages =        {9--18},
  publisher =    {ACM Press},
}

@misc{acm_categories,
  key =          "ACM",
  author =       {ACM},
  title =        {How to Classify Works Using ACM's Computing
                  Classification System},
  year =         1998,
  note =         {\url{http://www.acm.org/class/how_to_use.html}},
}

@Misc{cavender:writing,
  author =       {Anna Cavender and Shari Trewin and Vicki Hanson},
  title =        {Accessible Writing Guide},
  year =         2014,
  day =          22,
  note =
                  {\url{http://www.sigaccess.org/welcome-to-sigaccess/resources/accessible-writing-guide/}},
  annote =       {URL}
}

@article{ethics,
  title =        {{Social Impacts of Computing: Codes of Professional
                  Ethics}},
  author =       {R. E. Anderson},
  doi =          "10.1177/089443939201000402",
  journal =      "Social Science Computer Review December",
  year =         1992,
  volume =       10,
  number =       4,
  pages =        "453-469"
}

@Misc{heilig:sensorama,
  author =       {Morton L. Heilig},
  title =        {Sensorama Simulator},
  howpublished = {U.S. Patent 3,050,870},
  month =        {August},
  day =          28,
  year =         1962,
  note =         {Filed Februrary 22, 1962.},
  annote =       {is this right?}
},

@article{kaye:puc,
  year =         2014,
  issn =         {1617-4909},
  journal =      {Personal and Ubiquitous Computing},
  volume =       18,
  number =       4,
  doi =          {10.1007/s00779-014-0773-4},
  title =        {Special issue on science fiction and ubiquitous
                  computing},
  url =          {http://dx.doi.org/10.1007/s00779-014-0773-4},
  publisher =    {Springer London},
  author =       {Kaye, Jofish and Dourish, Paul},
  pages =        {765-766},
  language =     {English}
}

@Misc{psy:gangnam,
  author =       {Psy},
  title =        {Gangnam Style},
  howpublished = {Video},
  month =        {July},
  day =          15,
  year =         2012,
  note =         {Retrieved August 22, 2014 from
                  \url{https://www.youtube.com/watch?v=9bZkp7q19f0}},
  annote =       {Video URL}
}

@PhdThesis{sutherland:sketchpad,
  author =       {Ivan E. Sutherland},
  title =        {Sketchpad, a Man-Machine Graphical Communication
                  System},
  school =       {Massachusetts Institute of Technology},
  year =         1963,
  address =      {Cambridge, MA},
}

@InBook{winner:politics,
  author =       {Langdon Winner},
  title =        {The Social Shaping of Technology},
  chapter =      {Do artifacts have politics?},
  publisher =    {Open University Press},
  year =         1999,
  address =      {UK},
  edition =      {2nd},
  pages =        {28--40},
}
