@inproceedings{idris-tp,
 author = {Christiansen, David Raymond},
 title = {Dependent Type Providers},
 booktitle = {Proceedings of the 9th ACM SIGPLAN Workshop on Generic Programming},
 series = {WGP '13},
 year = {2013},
 isbn = {978-1-4503-2389-5},
 location = {Boston, Massachusetts, USA},
 pages = {25--34},
 numpages = {10},
 url = {http://doi.acm.org/10.1145/2502488.2502495},
 doi = {10.1145/2502488.2502495},
 acmid = {2502495},
 publisher = {ACM},
 address = {New York, NY, USA},
 keywords = {dependent types, generic programming, metaprogramming, type providers},
} 

@inproceedings{gradual,
  title={Gradual typing for functional languages},
  author={Siek, Jeremy G and Taha, Walid},
  booktitle={Scheme and Functional Programming Workshop},
  volume={6},
  pages={81--92},
  year={2006}
}

@book{objects,
  title={A theory of objects},
  author={Abadi, Martin and Cardelli, Luca},
  year={2012},
  publisher={Springer Science \& Business Media}
}

@inproceedings{ageweb,
 author = {Petricek, Tomas and Syme, Don and Bray, Zach},
 title = {In the Age of Web: Typed Functional-First Programming Revisited},
 booktitle = {Proceedings ML Family/OCaml Users and Developers workshops},
 series = {ML '15},
 year = {2015},
 publisher = {ACM}
} 

@other{staticpar,
 author = {Syme, Don},
 title = {F\# 4.0 Speclet - Extending the F# type provider mechanism to allow methods to have static parameters},
 howpublished = {F\# Language Design Proposal},
 year = {2016},
 url = {https://github.com/fsharp/fslang-design/blob/master/FSharp-4.0/StaticMethodArgumentsDesignAndSpec.md}
} 

@other{sessiontp,
 author = {Abdeljallal, Fahd},
 title = {Session Types with Fahd Abdeljallal},
 howpublished = {F\#unctional Londoners meetup group},
 year = {2016},
 url = {https://skillsmatter.com/meetups/8459}
} 

@inproceedings{liteq,
  title={Semantic web application development with LITEQ},
  author={Leinberger, Martin and Scheglmann, Stefan and L{\"a}mmel, Ralf and Staab, Steffen and Thimm, Matthias and Viegas, Evelyne},
  booktitle={International Semantic Web Conference},
  pages={212--227},
  year={2014},
  organization={Springer}
}
@article{typestate,
  title={Typestate: A programming language concept for enhancing software reliability},
  author={Strom, Robert E and Yemini, Shaula},
  journal={IEEE Transactions on Software Engineering},
  number={1},
  pages={157--171},
  year={1986},
  publisher={IEEE}
}

@inproceedings{directman2,
  title={Direct manipulation for comprehensible, predictable and controllable user interfaces},
  author={Shneiderman, Ben},
  booktitle={Proceedings of the 2nd international conference on Intelligent user interfaces},
  pages={33--39},
  year={1997},
  organization={ACM}
}

@inproceedings{dynamicq,
  title={Dynamic queries: database searching by direct manipulation},
  author={Shneiderman, Ben and Williamson, Christopher and Ahlberg, Christopher},
  booktitle={Proceedings of the SIGCHI conference on human factors in computing systems},
  pages={669--670},
  year={1992},
  organization={ACM}
}
@article{relalg-sparql,
  title={A relational algebra for SPARQL},
  author={Cyganiak, Richard},
  journal={Digital Media Systems Laboratory HP Laboratories Bristol. HPL-2005-170},
  pages={35},
  year={2005}
}
@article{relalg-alpha,
  title={Alpha: An extension of relational algebra to express a class of recursive queries},
  author={Agrawal, Rakesh},
  journal={IEEE Transactions on Software Engineering},
  volume={14},
  number={7},
  pages={879--885},
  year={1988},
  publisher={IEEE}
}
@article{phanty,
 author = {Leijen, Daan and Meijer, Erik},
 title = {Domain Specific Embedded Compilers},
 journal = {SIGPLAN Not.},
 issue_date = {Jan. 2000},
 volume = {35},
 number = {1},
 month = dec,
 year = {1999},
 issn = {0362-1340},
 pages = {109--122},
 numpages = {14},
 url = {http://doi.acm.org/10.1145/331963.331977},
 doi = {10.1145/331963.331977},
 acmid = {331977},
 publisher = {ACM},
 address = {New York, NY, USA},
} 
@inproceedings{sessionty,
  title={Types and subtypes for client-server interactions},
  author={Gay, Simon and Hole, Malcolm},
  booktitle={European Symposium on Programming},
  pages={74--90},
  year={1999},
  organization={Springer}
}

@article{rowtypes,
 author = {Wand, Mitchell},
 title = {Type Inference for Record Concatenation and Multiple Inheritance},
 journal = {Inf. Comput.},
 issue_date = {July 1991},
 volume = {93},
 number = {1},
 month = jul,
 year = {1991},
 issn = {0890-5401},
 pages = {1--15},
 numpages = {15},
 url = {http://dx.doi.org/10.1016/0890-5401(91)90050-C},
 doi = {10.1016/0890-5401(91)90050-C},
 acmid = {116982},
 publisher = {Academic Press, Inc.},
 address = {Duluth, MN, USA},
} 

@inproceedings{inforich,
 author = {Syme, Don and Battocchi, Keith and Takeda, Kenji and Malayeri, Donna and Petricek, Tomas},
 title = {Themes in Information-rich Functional Programming for Internet-scale Data Sources},
 booktitle = {Proceedings of the 2013 Workshop on Data Driven Functional Programming},
 series = {DDFP '13},
 year = {2013},
 isbn = {978-1-4503-1871-6},
 location = {Rome, Italy},
 pages = {1--4},
 numpages = {4},
 url = {http://doi.acm.org/10.1145/2429376.2429378},
 doi = {10.1145/2429376.2429378},
 acmid = {2429378},
 publisher = {ACM},
 address = {New York, NY, USA},
 keywords = {F\#, LINQ, connected programming, data services, freebase, functional programming, ontology, semantic web},
} 


@inproceedings{fsdata,
 author = {Petricek, Tomas and Guerra, Gustavo and Syme, Don},
 title = {Types from Data: Making Structured Data First-class Citizens in F\#},
 booktitle = {Proceedings of the 37th ACM SIGPLAN Conference on Programming Language Design and Implementation},
 series = {PLDI '16},
 year = {2016},
 isbn = {978-1-4503-4261-2},
 location = {Santa Barbara, CA, USA},
 pages = {477--490},
 numpages = {14},
 url = {http://doi.acm.org/10.1145/2908080.2908115},
 doi = {10.1145/2908080.2908115},
 acmid = {2908115},
 publisher = {ACM},
 address = {New York, NY, USA},
 keywords = {F\#, Inference, JSON, Type Providers, XML},
} 

@article{urweb,
 author = {Chlipala, Adam},
 title = {Ur: Statically-typed Metaprogramming with Type-level Record Computation},
 journal = {SIGPLAN Not.},
 issue_date = {June 2010},
 volume = {45},
 number = {6},
 month = jun,
 year = {2010},
 issn = {0362-1340},
 pages = {122--133},
 numpages = {12},
 url = {http://doi.acm.org/10.1145/1809028.1806612},
 doi = {10.1145/1809028.1806612},
 acmid = {1806612},
 publisher = {ACM},
 address = {New York, NY, USA},
 keywords = {dependent types, metaprogramming},
} 

@inproceedings{directman,
 author = {Shneiderman, Ben},
 title = {The Future of Interactive Systems and the Emergence of Direct Manipulation},
 booktitle = {Proc. Of the NYU Symposium on User Interfaces on Human Factors and Interactive Computer Systems},
 year = {1984},
 isbn = {0-89391-182-8},
 location = {New York, USA},
 pages = {1--28},
 numpages = {28},
 url = {http://dl.acm.org/citation.cfm?id=2092.2093},
 acmid = {2093},
 publisher = {Ablex Publishing Corp.},
 address = {Norwood, NJ, USA},
} 

@inproceedings{spreadsheetalgebra,
 author = {Liu, Bin and Jagadish, H. V.},
 title = {A Spreadsheet Algebra for a Direct Data Manipulation Query Interface},
 booktitle = {Proceedings of the 2009 IEEE International Conference on Data Engineering},
 series = {ICDE '09},
 year = {2009},
 isbn = {978-0-7695-3545-6},
 pages = {417--428},
 numpages = {12},
 url = {http://dx.doi.org/10.1109/ICDE.2009.34},
 doi = {10.1109/ICDE.2009.34},
 acmid = {1547431},
 publisher = {IEEE Computer Society},
 address = {Washington, DC, USA},
 keywords = {database usability, user interface, spreadsheet},
} 

@inproceedings{querydirect,
 author = {Bakke, Eirik and Karger, David R.},
 title = {Expressive Query Construction Through Direct Manipulation of Nested Relational Results},
 booktitle = {Proceedings of the 2016 International Conference on Management of Data},
 series = {SIGMOD '16},
 year = {2016},
 isbn = {978-1-4503-3531-7},
 location = {San Francisco, California, USA},
 pages = {1377--1392},
 numpages = {16},
 url = {http://doi.acm.org/10.1145/2882903.2915210},
 doi = {10.1145/2882903.2915210},
 acmid = {2915210},
 publisher = {ACM},
 address = {New York, NY, USA},
 keywords = {direct manipulation, hierarchical data models, nested relations, report generation, spreadsheet interfaces, user studies, visual query languages, visual query systems},
} 

@article{relalg,
 author = {Codd, E. F.},
 title = {A Relational Model of Data for Large Shared Data Banks},
 journal = {Commun. ACM},
 issue_date = {June 1970},
 volume = {13},
 number = {6},
 month = jun,
 year = {1970},
 issn = {0001-0782},
 pages = {377--387},
 numpages = {11},
 url = {http://doi.acm.org/10.1145/362384.362685},
 doi = {10.1145/362384.362685},
 acmid = {362685},
 publisher = {ACM},
 address = {New York, NY, USA},
 keywords = {composition, consistency, data bank, data base, data integrity, data organization, data structure, derivability, hierarchies of data, join, networks of data, predicate calculus, redundancy, relations, retrieval language, security},
} 

@inproceedings{sumtables,
 author = {\"{O}zsoyoglu, Z. Meral and \"{O}zsoyoglu, Gultekin},
 title = {An Extension of Relational Algebra for Summary Tables},
 booktitle = {Proceedings of the 2Nd International Workshop on Proceedings of the Second International Workshop on Statistical Database Management},
 series = {SSDBM'83},
 year = {1983},
 isbn = {1-87654-234-X},
 location = {Los Altos, California},
 pages = {202--211},
 numpages = {10},
 url = {http://dl.acm.org/citation.cfm?id=1116759.1116792},
 acmid = {1116792},
 publisher = {Lawrence Berkeley Laboratory},
 address = {Berkeley, CA, US},
} 

@inproceedings{datacube,
 author = {Gray, Jim and Bosworth, Adam and Layman, Andrew and Pirahesh, Hamid},
 title = {Data Cube: A Relational Aggregation Operator Generalizing Group-By, Cross-Tab, and Sub-Total},
 booktitle = {Proceedings of the Twelfth International Conference on Data Engineering},
 series = {ICDE '96},
 year = {1996},
 isbn = {0-8186-7240-4},
 pages = {152--159},
 numpages = {8},
 url = {http://dl.acm.org/citation.cfm?id=645481.655593},
 acmid = {655593},
 publisher = {IEEE Computer Society},
 address = {Washington, DC, USA},
 keywords = {Database, Relational, Cube, Query, Analysis, multi-dimensional},
} 

@article{exceldep,
  title={The excel depression},
  author={Krugman, Paul},
  journal={New York Times},
  volume={18},
  year={2013}
}

@article{fancytypes,
 author = {Weirich, Stephanie},
 title = {Depending on Types},
 journal = {SIGPLAN Not.},
 issue_date = {September 2014},
 volume = {49},
 number = {9},
 month = aug,
 year = {2014},
 issn = {0362-1340},
 pages = {241--241},
 numpages = {1},
 url = {http://doi.acm.org/10.1145/2692915.2631168},
 doi = {10.1145/2692915.2631168},
 acmid = {2631168},
 publisher = {ACM},
 address = {New York, NY, USA},
 keywords = {dependent types, haskell},
} 

@book{dbsys,
 author = {Ozsu, M. Tamer},
 title = {Principles of Distributed Database Systems},
 year = {2007},
 isbn = {9780130412126},
 edition = {3rd},
 publisher = {Prentice Hall Press},
 address = {Upper Saddle River, NJ, USA},
} 
